<?xml version="1.0" encoding="utf-8"?>
<record xmlns="http://www.loc.gov/MARC21/slim" xmlns:xsi="http://www.w3.org/2001/XMLSchema-instance" xsi:schemaLocation="http://www.loc.gov/MARC21/slim http://www.loc.gov/standards/marcxml/schema/MARC21slim.xsd">
	<leader>
		02929nam a2200553   4500
	</leader>
	<controlfield tag="001">
		646869
	</controlfield>
	<controlfield tag="003">
		NNC
	</controlfield>
	<controlfield tag="006">
		m        d        
	</controlfield>
	<controlfield tag="007">
		cr cn |||m|||a
	</controlfield>
	<controlfield tag="008">
		151124s1947    ua chf  o     010 0bara d
	</controlfield>
	<datafield ind1=" " ind2=" " tag="040">
		<subfield code="a">
			NNU
		</subfield>
		<subfield code="b">
			eng
		</subfield>
		<subfield code="e">
			rda
		</subfield>
		<subfield code="c">
			NNU
		</subfield>
	</datafield>
	<datafield ind1="1" ind2=" " tag="041">
		<subfield code="a">
			ara
		</subfield>
		<subfield code="h">
			fre
		</subfield>
	</datafield>
	<datafield ind1=" " ind2=" " tag="043">
		<subfield code="a">
			f-ua---
		</subfield>
	</datafield>
	<datafield ind1="0" ind2="0" tag="050">
		<subfield code="a">
			DT106
		</subfield>
		<subfield code="b">
			.J86 1947
		</subfield>
	</datafield>
	<datafield ind1="1" ind2=" " tag="100">
		<subfield code="6">
			880-01
		</subfield>
		<subfield code="a">
			Jundī, Jūrj.
		</subfield>
	</datafield>
	<datafield ind1="1" ind2="0" tag="240">
		<subfield code="a">
			Ismaïl d'après les documents officiels.
		</subfield>
		<subfield code="l">
			Arabic
		</subfield>
	</datafield>
	<datafield ind1="1" ind2="0" tag="245">
		<subfield code="6">
			880-02
		</subfield>
		<subfield code="a">
			Ismāʻīl kamā tuṣawwiruhu al-wathāʼiq al-rasmīyah /
		</subfield>
		<subfield code="c">
			Zhūrj Jundī, Zhāk Tājir ; maʻa muqaddimah li-Yūsuf Jallād.
		</subfield>
	</datafield>
	<datafield ind1=" " ind2=" " tag="260">
		<subfield code="6">
			880-03
		</subfield>
		<subfield code="a">
			al-Qāhirah :
		</subfield>
		<subfield code="b">
			Maṭbaʻat Dār al-Kutub al-Miṣrīyah,
		</subfield>
		<subfield code="c">
			1947.
		</subfield>
	</datafield>
	<datafield ind1=" " ind2=" " tag="300">
		<subfield code="a">
			online resource (25, 295 p.) :
		</subfield>
		<subfield code="b">
			facsim., port.
		</subfield>
	</datafield>
	<datafield ind1=" " ind2=" " tag="336">
		<subfield code="a">
			text
		</subfield>
		<subfield code="2">
			rdacontent
		</subfield>
	</datafield>
	<datafield ind1=" " ind2=" " tag="337">
		<subfield code="a">
			computer
		</subfield>
		<subfield code="2">
			rdamedia
		</subfield>
	</datafield>
	<datafield ind1=" " ind2=" " tag="338">
		<subfield code="a">
			online resource
		</subfield>
		<subfield code="2">
			rdacarrier
		</subfield>
	</datafield>
	<datafield ind1=" " ind2=" " tag="500">
		<subfield code="a">
			&quot;Wuḍiʻa bi-munāsabat murūr Khamsīn ʻāman ʻalá wafāt al-Khidīwī Ismāʻīl, 1895-1945&quot; --T.P.
		</subfield>
	</datafield>
	<datafield ind1=" " ind2=" " tag="500">
		<subfield code="a">
			Part of the Arabic Collections Online (ACO) project, contributed by Columbia University Libraries.
		</subfield>
	</datafield>
	<datafield ind1=" " ind2=" " tag="520">
		<subfield code="a">
			Ismāʻīl, Khedive of Egypt; 1830-1895; Egypt; history; sources.
		</subfield>
	</datafield>
	<datafield ind1=" " ind2=" " tag="533">
		<subfield code="a">
			Electronic reproduction.
		</subfield>
		<subfield code="b">
			New York, N.Y. :
		</subfield>
		<subfield code="c">
			New York University,
		</subfield>
		<subfield code="d">
			2015.
		</subfield>
		<subfield code="5">
			NNU
		</subfield>
	</datafield>
	<datafield ind1="0" ind2="0" tag="600">
		<subfield code="6">
			880-04
		</subfield>
		<subfield code="a">
			Ismail,
		</subfield>
		<subfield code="c">
			Khedive of Egypt,
		</subfield>
		<subfield code="d">
			1830-1895.
		</subfield>
	</datafield>
	<datafield ind1=" " ind2="0" tag="651">
		<subfield code="a">
			Egypt
		</subfield>
		<subfield code="x">
			Kings and rulers
		</subfield>
		<subfield code="v">
			Biography.
		</subfield>
	</datafield>
	<datafield ind1=" " ind2="0" tag="651">
		<subfield code="a">
			Egypt
		</subfield>
		<subfield code="x">
			History
		</subfield>
		<subfield code="y">
			Ismail, 1863-1879
		</subfield>
		<subfield code="v">
			Sources.
		</subfield>
	</datafield>
	<datafield ind1="0" ind2="7" tag="600">
		<subfield code="a">
			Ismail,
		</subfield>
		<subfield code="c">
			Khedive of Egypt,
		</subfield>
		<subfield code="d">
			1830-1895
		</subfield>
		<subfield code="2">
			fast
		</subfield>
		<subfield code="0">
			(OCoLC)fst00068112
		</subfield>
	</datafield>
	<datafield ind1=" " ind2="7" tag="650">
		<subfield code="a">
			Kings and rulers.
		</subfield>
		<subfield code="2">
			fast
		</subfield>
		<subfield code="0">
			(OCoLC)fst00987694
		</subfield>
	</datafield>
	<datafield ind1=" " ind2="7" tag="651">
		<subfield code="a">
			Egypt.
		</subfield>
		<subfield code="2">
			fast
		</subfield>
		<subfield code="0">
			(OCoLC)fst01208755
		</subfield>
	</datafield>
	<datafield ind1=" " ind2="7" tag="648">
		<subfield code="a">
			1863 - 1879
		</subfield>
		<subfield code="2">
			fast
		</subfield>
	</datafield>
	<datafield ind1=" " ind2="7" tag="655">
		<subfield code="a">
			History
		</subfield>
		<subfield code="2">
			fast
		</subfield>
		<subfield code="0">
			(OCoLC)fst01411628
		</subfield>
	</datafield>
	<datafield ind1=" " ind2="7" tag="655">
		<subfield code="a">
			Biography.
		</subfield>
		<subfield code="2">
			fast
		</subfield>
		<subfield code="0">
			(OCoLC)fst01423686
		</subfield>
	</datafield>
	<datafield ind1=" " ind2="7" tag="655">
		<subfield code="a">
			Sources.
		</subfield>
		<subfield code="2">
			fast
		</subfield>
		<subfield code="0">
			(OCoLC)fst01423900
		</subfield>
	</datafield>
	<datafield ind1="1" ind2=" " tag="700">
		<subfield code="6">
			880-05
		</subfield>
		<subfield code="a">
			Tājir, Jāk. 
		</subfield>
	</datafield>
	<datafield ind1="2" ind2=" " tag="710">
		<subfield code="a">
			Columbia University.
		</subfield>
		<subfield code="b">
			Libraries.
		</subfield>
	</datafield>
	<datafield ind1="0" ind2=" " tag="730">
		<subfield code="a">
			Arabic Collections Online.
		</subfield>
	</datafield>
	<datafield ind1="0" ind2="8" tag="776">
		<subfield code="i">
			Online version:
		</subfield>
		<subfield code="a">
			Jundī, Jūrj.
		</subfield>
		<subfield code="t">
			Ismāʻīl kamā tuṣawwiruhu al-wathāʼiq al-rasmīyah.
		</subfield>
		<subfield code="d">
			al-Qāhirah : Maṭbaʻat Dār al-Kutub al-Miṣrīyah, 1947
		</subfield>
		<subfield code="w">
			(OCoLC)653340547
		</subfield>
	</datafield>
	<datafield ind1="0" ind2="8" tag="776">
		<subfield code="i">
			Print version:
		</subfield>
		<subfield code="a">
			Jundī, Jūrj.
		</subfield>
		<subfield code="t">
			Ismāʻīl kamā tuṣawwiruhu al-wathāʼiq al-rasmīyah
		</subfield>
		<subfield code="w">
			(NNC)646869
		</subfield>
		<subfield code="w">
			(DLC)  2001393678
		</subfield>
		<subfield code="w">
			(OCoLC)22229951
		</subfield>
	</datafield>
	<datafield ind1="4" ind2="0" tag="856">
		<subfield code="u">
			http://hdl.handle.net/2333.1/mkkwh9mx
		</subfield>
	</datafield>
	<datafield ind1="1" ind2=" " tag="880">
		<subfield code="6">
			100-01
		</subfield>
		<subfield code="a">
			جندى، جورج.
		</subfield>
	</datafield>
	<datafield ind1="1" ind2="0" tag="880">
		<subfield code="6">
			245-02
		</subfield>
		<subfield code="a">
			إسماعيل كما تصوره الوثائق الرسمية /
		</subfield>
		<subfield code="c">
			جورج جندى، جاك تاجر ؛ مع مقدمه ليوسف جلاد.
		</subfield>
	</datafield>
	<datafield ind1=" " ind2=" " tag="880">
		<subfield code="6">
			260-03
		</subfield>
		<subfield code="a">
			القاهرة :
		</subfield>
		<subfield code="b">
			مطبعة دار الكتب المصرية،
		</subfield>
		<subfield code="c">
			1947.
		</subfield>
	</datafield>
	<datafield ind1="0" ind2="4" tag="880">
		<subfield code="6">
			600-04
		</subfield>
		<subfield code="a">
			اسماعيل،
		</subfield>
		<subfield code="c">
			Khedive of Egypt,
		</subfield>
		<subfield code="d">
			1830-1895.
		</subfield>
	</datafield>
	<datafield ind1="1" ind2=" " tag="880">
		<subfield code="6">
			700-05
		</subfield>
		<subfield code="a">
			تاجر، جاك. 
		</subfield>
	</datafield>
	<datafield ind1=" " ind2=" " tag="959">
		<subfield code="a">
			NNU
		</subfield>
		<subfield code="b">
			WEB
		</subfield>
		<subfield code="c">
			GENI
		</subfield>
		<subfield code="t">
			0
		</subfield>
		<subfield code="m">
			Electronic access
		</subfield>
		<subfield code="s">
			01
		</subfield>
	</datafield>
	<datafield ind1=" " ind2=" " tag="999">
		<subfield code="i">
			NNC_646869
		</subfield>
		<subfield code="o">
			(OCoLC)ocm22229951
		</subfield>
		<subfield code="s">
			columbia_aco001187
		</subfield>
		<subfield code="e">
			(ERROR-880)
		</subfield>
		<subfield code="s">
			columbia_aco001187
		</subfield>
	</datafield>
</record>
